% Examples

@BOOK{lang:alg,
  AUTHOR       = "Serge Lang",
  TITLE        = "Algebra",
  YEAR         = "2002",
  PUBLISHER    = "Springer-Verlag"
}

@THESIS{maurischat:iter,
  TYPE         = "Dissertation",
  TITLE        = "Iterative Connections and Abhyankar's Conjecture",
  AUTHOR       = "Andreas Maurischat",
  SCHOOL       = "Universit√§t Heidelberg",
  YEAR         = "2006",
}


